@article{foster2009evolution,
  title={The evolution of superstitious and superstition-like behaviour},
  author={Foster, Kevin R and Kokko, Hanna},
  journal={Proceedings of the Royal Society B: Biological Sciences},
  volume={276},
  number={1654},
  pages={31--37},
  year={2009},
  publisher={The Royal Society London}
}

@article{van2018connecting,
  title={Connecting the dots: Illusory pattern perception predicts belief in conspiracies and the supernatural},
  author={Van Prooijen, Jan-Willem and Douglas, Karen M and De Inocencio, Clara},
  journal={European journal of social psychology},
  volume={48},
  number={3},
  pages={320--335},
  year={2018},
  publisher={Wiley Online Library}
}

@article{muller2023linking,
  title={Linking paranormal and conspiracy beliefs to illusory pattern perception through signal detection theory},
  author={M{\"u}ller, Petra and Hartmann, Matthias},
  journal={Scientific Reports},
  volume={13},
  number={1},
  pages={9739},
  year={2023},
  publisher={Nature Publishing Group UK London}
}

@article{walker2019finding,
  title={Finding meaning in the clouds: Illusory pattern perception predicts receptivity to pseudo-profound bullshit},
  author={Walker, Alexander C and Turpin, Martin Harry and Stolz, Jennifer A and Fugelsang, Jonathan A and Koehler, Derek J},
  journal={Judgment and Decision Making},
  volume={14},
  number={2},
  pages={109--119},
  year={2019},
  publisher={Cambridge University Press}
}
@inproceedings{zgraggen2018investigating,
  title={Investigating the effect of the multiple comparisons problem in visual analysis},
  author={Zgraggen, Emanuel and Zhao, Zheguang and Zeleznik, Robert and Kraska, Tim},
  booktitle={Proceedings of the 2018 chi conference on human factors in computing systems},
  pages={1--12},
  year={2018}
}
@article{haig2003spurious,
  title={What is a spurious correlation?},
  author={Haig, Brian D},
  journal={Understanding Statistics: Statistical Issues in Psychology, Education, and the Social Sciences},
  volume={2},
  number={2},
  pages={125--132},
  year={2003},
  publisher={Taylor \& Francis}
}
@article{falk1997making,
  title={Making sense of randomness: Implicit encoding as a basis for judgment.},
  author={Falk, Ruma and Konold, Clifford},
  journal={Psychological Review},
  volume={104},
  number={2},
  pages={301},
  year={1997},
  publisher={American Psychological Association}
}
@article{ladouceur1996erroneous,
  title={Erroneous Perceptions in Generating Sequences of Random Events 1},
  author={Ladouceur, Robert and Paquet, Claude and Dub{\'e}, Dominique},
  journal={Journal of Applied Social Psychology},
  volume={26},
  number={24},
  pages={2157--2166},
  year={1996},
  publisher={Wiley Online Library}
}
@misc{bubeck2023sparks,
      title={Sparks of Artificial General Intelligence: Early experiments with GPT-4}, 
      author={SÃ©bastien Bubeck and Varun Chandrasekaran and Ronen Eldan and Johannes Gehrke and Eric Horvitz and Ece Kamar and Peter Lee and Yin Tat Lee and Yuanzhi Li and Scott Lundberg and Harsha Nori and Hamid Palangi and Marco Tulio Ribeiro and Yi Zhang},
      year={2023},
      eprint={2303.12712},
      archivePrefix={arXiv},
      primaryClass={cs.CL}
}
@article{heider1944experimental,
  title={An experimental study of apparent behavior},
  author={Heider, Fritz and Simmel, Marianne},
  journal={The American journal of psychology},
  volume={57},
  number={2},
  pages={243--259},
  year={1944},
  publisher={JSTOR}
}
@article{epley2007seeing,
  title={On seeing human: a three-factor theory of anthropomorphism.},
  author={Epley, Nicholas and Waytz, Adam and Cacioppo, John T},
  journal={Psychological review},
  volume={114},
  number={4},
  pages={864},
  year={2007},
  publisher={American Psychological Association}
}
@article{waytz2010social,
  title={Social cognition unbound: Insights into anthropomorphism and dehumanization},
  author={Waytz, Adam and Epley, Nicholas and Cacioppo, John T},
  journal={Current Directions in Psychological Science},
  volume={19},
  number={1},
  pages={58--62},
  year={2010},
  publisher={Sage Publications Sage CA: Los Angeles, CA}
}
@article{salles2020anthropomorphism,
  title={Anthropomorphism in AI},
  author={Salles, Arleen and Evers, Kathinka and Farisco, Michele},
  journal={AJOB neuroscience},
  volume={11},
  number={2},
  pages={88--95},
  year={2020},
  publisher={Taylor \& Francis}
}
@article{van2023reclaiming,
  title={Reclaiming AI as a theoretical tool for cognitive science},
  author={van Rooij, Iris and Guest, Olivia and Adolfi, Federico G and de Haan, Ronald and Kolokolova, Antonina and Rich, Patricia},
  year={2023},
  publisher={PsyArXiv}
}
@article{alperin2019significant,
  title={How significant are the public dimensions of faculty work in review, promotion and tenure documents?},
  author={Alperin, Juan P and Mu{\~n}oz Nieves, Carol and Schimanski, Lesley A and Fischman, Gustavo E and Niles, Meredith T and McKiernan, Erin C},
  journal={ELife},
  volume={8},
  pages={e42254},
  year={2019},
  publisher={eLife Sciences Publications, Ltd}
}
@techreport{Maslej2023-pi,
    author = "Maslej, Nestor and Fattorini, Loredana and Brynjolfsson, Erik
               and Etchemendy, John and Ligett, Katrina and Lyons, Terah and
               Manyika, James and Ngo, Helen and Niebles, Juan Carlos and
               Parli, Vanessa and Shoham, Yoav and Wald, Russell and Clark,
               Jack and Perrault, Raymond",
    title = "Artificial Intelligence Index Report 2023",
    institution = "Institute for Human-Centered AI",
    year = 2023
}
@article{nickerson1998confirmation,
  title={Confirmation bias: A ubiquitous phenomenon in many guises},
  author={Nickerson, Raymond S},
  journal={Review of general psychology},
  volume={2},
  number={2},
  pages={175--220},
  year={1998},
  publisher={SAGE Publications Sage CA: Los Angeles, CA}
}
@article{claesen2022severity,
  title={Severity and Crises in Science: Are We Getting It Right When We're Right and Wrong When We're Wrong?},
  author={Claesen, Aline and Lakens, Daniel and van Dongen, Noah and others},
  publisher={PsyArXiv}
}


@inproceedings{langley00,
 author    = {P. Langley},
 title     = {Crafting Papers on Machine Learning},
 year      = {2000},
 pages     = {1207--1216},
 editor    = {Pat Langley},
 booktitle     = {Proceedings of the 17th International Conference
              on Machine Learning (ICML 2000)},
 address   = {Stanford, CA},
 publisher = {Morgan Kaufmann}
}

@TechReport{mitchell80,
  author = 	 "T. M. Mitchell",
  title = 	 "The Need for Biases in Learning Generalizations",
  institution =  "Computer Science Department, Rutgers University",
  year = 	 "1980",
  address =	 "New Brunswick, MA",
}

@phdthesis{kearns89,
  author = {M. J. Kearns},
  title =  {Computational Complexity of Machine Learning},
  school = {Department of Computer Science, Harvard University},
  year =   {1989}
}

@Book{MachineLearningI,
  editor = 	 "R. S. Michalski and J. G. Carbonell and T.
		  M. Mitchell",
  title = 	 "Machine Learning: An Artificial Intelligence
		  Approach, Vol. I",
  publisher = 	 "Tioga",
  year = 	 "1983",
  address =	 "Palo Alto, CA"
}

@Book{DudaHart2nd,
  author =       "R. O. Duda and P. E. Hart and D. G. Stork",
  title =        "Pattern Classification",
  publisher =    "John Wiley and Sons",
  edition =      "2nd",
  year =         "2000"
}

@misc{anonymous,
  title= {Suppressed for Anonymity},
  author= {Author, N. N.},
  year= {2021}
}

@InCollection{Newell81,
  author =       "A. Newell and P. S. Rosenbloom",
  title =        "Mechanisms of Skill Acquisition and the Law of
                  Practice", 
  booktitle =    "Cognitive Skills and Their Acquisition",
  pages =        "1--51",
  publisher =    "Lawrence Erlbaum Associates, Inc.",
  year =         "1981",
  editor =       "J. R. Anderson",
  chapter =      "1",
  address =      "Hillsdale, NJ"
}


@Article{Samuel59,
  author = 	 "A. L. Samuel",
  title = 	 "Some Studies in Machine Learning Using the Game of
		  Checkers",
  journal =	 "IBM Journal of Research and Development",
  year =	 "1959",
  volume =	 "3",
  number =	 "3",
  pages =	 "211--229"
}

@misc{gurnee2023language,
      title={Language Models Represent Space and Time}, 
      author={Wes Gurnee and Max Tegmark},
      year={2023},
      eprint={2310.02207},
      archivePrefix={arXiv},
      primaryClass={cs.LG}
}

@Misc{shah2023trillion,
  author        = {Agam Shah and Suvan Paturi and Sudheer Chava},
  title         = {Trillion Dollar Words: A New Financial Dataset, Task & Market Analysis},
  eprint        = {2305.07972},
  archiveprefix = {arXiv},
  primaryclass  = {cs.CL},
  year          = {2023},
}

@Misc{alain2018understanding,
  author        = {Guillaume Alain and Yoshua Bengio},
  title         = {Understanding intermediate layers using linear classifier probes},
  eprint        = {1610.01644},
  archiveprefix = {arXiv},
  primaryclass  = {stat.ML},
  year          = {2018},
}

@Misc{belinkov2021probing,
  author        = {Yonatan Belinkov},
  title         = {Probing Classifiers: Promises, Shortcomings, and Advances},
  eprint        = {2102.12452},
  archiveprefix = {arXiv},
  primaryclass  = {cs.CL},
  year          = {2021},
}

@Misc{liu2019roberta,
  author        = {Yinhan Liu and Myle Ott and Naman Goyal and Jingfei Du and Mandar Joshi and Danqi Chen and Omer Levy and Mike Lewis and Luke Zettlemoyer and Veselin Stoyanov},
  title         = {RoBERTa: A Robustly Optimized BERT Pretraining Approach},
  eprint        = {1907.11692},
  archiveprefix = {arXiv},
  primaryclass  = {cs.CL},
  year          = {2019},
}