@article{foster2009evolution,
  title={The evolution of superstitious and superstition-like behaviour},
  author={Foster, Kevin R and Kokko, Hanna},
  journal={Proceedings of the Royal Society B: Biological Sciences},
  volume={276},
  number={1654},
  pages={31--37},
  year={2009},
  publisher={The Royal Society London}
}

@article{van2018connecting,
  title={Connecting the dots: Illusory pattern perception predicts belief in conspiracies and the supernatural},
  author={Van Prooijen, Jan-Willem and Douglas, Karen M and De Inocencio, Clara},
  journal={European journal of social psychology},
  volume={48},
  number={3},
  pages={320--335},
  year={2018},
  publisher={Wiley Online Library}
}

@article{muller2023linking,
  title={Linking paranormal and conspiracy beliefs to illusory pattern perception through signal detection theory},
  author={M{\"u}ller, Petra and Hartmann, Matthias},
  journal={Scientific Reports},
  volume={13},
  number={1},
  pages={9739},
  year={2023},
  publisher={Nature Publishing Group UK London}
}
@article{walker2019finding,
  title={Finding meaning in the clouds: Illusory pattern perception predicts receptivity to pseudo-profound bullshit},
  author={Walker, Alexander C and Turpin, Martin Harry and Stolz, Jennifer A and Fugelsang, Jonathan A and Koehler, Derek J},
  journal={Judgment and Decision Making},
  volume={14},
  number={2},
  pages={109--119},
  year={2019},
  publisher={Cambridge University Press}
}
@inproceedings{zgraggen2018investigating,
  title={Investigating the effect of the multiple comparisons problem in visual analysis},
  author={Zgraggen, Emanuel and Zhao, Zheguang and Zeleznik, Robert and Kraska, Tim},
  booktitle={Proceedings of the 2018 chi conference on human factors in computing systems},
  pages={1--12},
  year={2018}
}
@article{haig2003spurious,
  title={What is a spurious correlation?},
  author={Haig, Brian D},
  journal={Understanding Statistics: Statistical Issues in Psychology, Education, and the Social Sciences},
  volume={2},
  number={2},
  pages={125--132},
  year={2003},
  publisher={Taylor \& Francis}
}
@article{falk1997making,
  title={Making sense of randomness: Implicit encoding as a basis for judgment.},
  author={Falk, Ruma and Konold, Clifford},
  journal={Psychological Review},
  volume={104},
  number={2},
  pages={301},
  year={1997},
  publisher={American Psychological Association}
}
@article{ladouceur1996erroneous,
  title={Erroneous Perceptions in Generating Sequences of Random Events 1},
  author={Ladouceur, Robert and Paquet, Claude and Dub{\'e}, Dominique},
  journal={Journal of Applied Social Psychology},
  volume={26},
  number={24},
  pages={2157--2166},
  year={1996},
  publisher={Wiley Online Library}
}
@inproceedings{langley00,
 author    = {P. Langley},
 title     = {Crafting Papers on Machine Learning},
 year      = {2000},
 pages     = {1207--1216},
 editor    = {Pat Langley},
 booktitle     = {Proceedings of the 17th International Conference
              on Machine Learning (ICML 2000)},
 address   = {Stanford, CA},
 publisher = {Morgan Kaufmann}
}

@TechReport{mitchell80,
  author = 	 "T. M. Mitchell",
  title = 	 "The Need for Biases in Learning Generalizations",
  institution =  "Computer Science Department, Rutgers University",
  year = 	 "1980",
  address =	 "New Brunswick, MA",
}

@phdthesis{kearns89,
  author = {M. J. Kearns},
  title =  {Computational Complexity of Machine Learning},
  school = {Department of Computer Science, Harvard University},
  year =   {1989}
}

@Book{MachineLearningI,
  editor = 	 "R. S. Michalski and J. G. Carbonell and T.
		  M. Mitchell",
  title = 	 "Machine Learning: An Artificial Intelligence
		  Approach, Vol. I",
  publisher = 	 "Tioga",
  year = 	 "1983",
  address =	 "Palo Alto, CA"
}

@Book{DudaHart2nd,
  author =       "R. O. Duda and P. E. Hart and D. G. Stork",
  title =        "Pattern Classification",
  publisher =    "John Wiley and Sons",
  edition =      "2nd",
  year =         "2000"
}

@misc{anonymous,
  title= {Suppressed for Anonymity},
  author= {Author, N. N.},
  year= {2021}
}

@InCollection{Newell81,
  author =       "A. Newell and P. S. Rosenbloom",
  title =        "Mechanisms of Skill Acquisition and the Law of
                  Practice", 
  booktitle =    "Cognitive Skills and Their Acquisition",
  pages =        "1--51",
  publisher =    "Lawrence Erlbaum Associates, Inc.",
  year =         "1981",
  editor =       "J. R. Anderson",
  chapter =      "1",
  address =      "Hillsdale, NJ"
}


@Article{Samuel59,
  author = 	 "A. L. Samuel",
  title = 	 "Some Studies in Machine Learning Using the Game of
		  Checkers",
  journal =	 "IBM Journal of Research and Development",
  year =	 "1959",
  volume =	 "3",
  number =	 "3",
  pages =	 "211--229"
}
